@ARTICLE{zodipy,
       author = {{San}, M. and {Herman}, D. and {Erikstad}, G.~B. and {Galloway}, M. and {Watts}, D.},
        title = "{COSMOGLOBE: Simulating zodiacal emission with ZodiPy}",
      journal = {aap},
     keywords = {interplanetary medium, cosmic background radiation, zodiacal dust, Astrophysics - Earth and Planetary Astrophysics, Astrophysics - Instrumentation and Methods for Astrophysics},
         year = 2022,
        month = oct,
       volume = {666},
          eid = {A107},
        pages = {A107},
          doi = {10.1051/0004-6361/202244133},
archivePrefix = {arXiv},
       eprint = {2205.12962},
 primaryClass = {astro-ph.EP},
       adsurl = {https://ui.adsabs.harvard.edu/abs/2022A&A...666A.107S},
      adsnote = {Provided by the SAO/NASA Astrophysics Data System}
}

@ARTICLE{hogg,
       author = {{Hogg}, David W. and {Bovy}, Jo and {Lang}, Dustin},
        title = "{Data analysis recipes: Fitting a model to data}",
      journal = {arXiv e-prints},
     keywords = {Astrophysics - Instrumentation and Methods for Astrophysics, Physics - Data Analysis, Statistics and Probability},
         year = 2010,
        month = aug,
          eid = {arXiv:1008.4686},
        pages = {arXiv:1008.4686},
          doi = {10.48550/arXiv.1008.4686},
archivePrefix = {arXiv},
       eprint = {1008.4686},
 primaryClass = {astro-ph.IM},
       adsurl = {https://ui.adsabs.harvard.edu/abs/2010arXiv1008.4686H},
      adsnote = {Provided by the SAO/NASA Astrophysics Data System}
}

@ARTICLE{Kelsall1998,
       author = {{Kelsall}, T. and {Weiland}, J.~L. and {Franz}, B.~A. and {Reach}, W.~T. and {Arendt}, R.~G. and {Dwek}, E. and {Freudenreich}, H.~T. and {Hauser}, M.~G. and {Moseley}, S.~H. and {Odegard}, N.~P. and {Silverberg}, R.~F. and {Wright}, E.~L.},
        title = "{The COBE Diffuse Infrared Background Experiment Search for the Cosmic Infrared Background. II. Model of the Interplanetary Dust Cloud}",
      journal = {apj},
     keywords = {COSMOLOGY: OBSERVATIONS, COSMOLOGY: DIFFUSE RADIATION, INFRARED: GENERAL, INFRARED: SOLAR SYSTEM, INTERPLANETARY MEDIUM, Cosmology: Observations, Cosmology: Diffuse Radiation, Infrared: General, Infrared: Solar System, Interplanetary Medium, Astrophysics},
         year = 1998,
        month = nov,
       volume = {508},
       number = {1},
        pages = {44-73},
          doi = {10.1086/306380},
archivePrefix = {arXiv},
       eprint = {astro-ph/9806250},
 primaryClass = {astro-ph},
       adsurl = {https://ui.adsabs.harvard.edu/abs/1998ApJ...508...44K},
      adsnote = {Provided by the SAO/NASA Astrophysics Data System}
}

